@manual{github,
    title = {<\url{https://github.com/floripasat/ttc}>},
    organization = {SpaceLab},
    month = {December},
    year = {2017}
}
