@Manual{msp430f6659,
title = {MSP430x5xx and MSP430x6xx Family User's Guide},
key = {SLAU208P},
OPTauthor = {},
organization = {Texas Instruments Inc.},
OPTaddress = {},
OPTedition = {},
month = {October},
year = {2016},
OPTnote = {},
OPTannote = {}
}
