@Manual{rf4463f30,
title = {RF4463F30 1W High Sensitivity Wireless Transceiver Module Product Specification},
OPTkey = {},
OPTauthor = {},
organization = {NiceRF Wireless Technology Co., Ltd.},
OPTaddress = {â€¢},
edition = {Rev 2.1},
month = {June},
year = {2016},
OPTnote = {},
OPTannote = {}
}
