@Manual{si4463,
title = {Si4464/63/61/60 High-Performance, Low-Current Transceiver},
OPTkey = {•},
OPTauthor = {},
organization = {Silicon Laboratories Inc.},
OPTaddress = {•},
edition = {Rev 1.2},
OPTmonth = {•},
year = {2016},
OPTnote = {•},
OPTannote = {•}
}
