@manual{site,
    title = {\href{http://floripasat.space/}{<http://floripasat.space/>}},
    author = {Rafael P. Alevato},
    organization = {FloripaSat Project},
    month = {December},
    year = {2017}
}
